<record><leader>00000cas a22000007a 4500</leader><controlfield tag="001">15068381</controlfield><controlfield tag="008">870114d19591970inuwn ne      0    0eng d</controlfield><datafield ind1=" " ind2=" " tag="010"><subfield code="a">sn 87055165 </subfield></datafield><datafield ind1=" " ind2=" " tag="040"><subfield code="a">NPI</subfield><subfield code="b">eng</subfield><subfield code="c">NPI</subfield><subfield code="d">OCLCQ</subfield></datafield><datafield ind1=" " ind2=" " tag="042"><subfield code="a">msc</subfield></datafield><datafield ind1="0" ind2=" " tag="130"><subfield code="a">News (Knox, Ind. : 1959)</subfield></datafield><datafield ind1="1" ind2="4" tag="245"><subfield code="a">The news.</subfield></datafield><datafield ind1=" " ind2=" " tag="260"><subfield code="a">Knox, Ind. :</subfield><subfield code="b">Starke Publishers,</subfield><subfield code="c">1959-1970.</subfield></datafield><datafield ind1=" " ind2=" " tag="300"><subfield code="a">v.</subfield></datafield><datafield ind1=" " ind2=" " tag="310"><subfield code="a">Weekly (except weeks of July 4th and Dec. 25th)</subfield></datafield><datafield ind1="0" ind2=" " tag="362"><subfield code="a">Vol. 4, no. 28 (May 5, 1959)-v. 15, no. 50 (Dec. 23, 1970).</subfield></datafield><datafield ind1=" " ind2=" " tag="752"><subfield code="a">United States</subfield><subfield code="b">Indiana</subfield><subfield code="c">Starke</subfield><subfield code="d">Knox.</subfield></datafield><datafield ind1="0" ind2="0" tag="780"><subfield code="t">Starke County news (Knox, Ind. : 1956)</subfield><subfield code="w">(DLC)sn 87056638</subfield></datafield><datafield ind1="0" ind2="0" tag="785"><subfield code="t">Mid-week news</subfield><subfield code="w">(DLC)sn 87055166</subfield></datafield></record>